%YAML 1.1
%TAG !u! tag:unity3d.com,2011:
--- !u!1001 &100100000
Prefab:
  m_ObjectHideFlags: 1
  serializedVersion: 2
  m_Modification:
    m_TransformParent: {fileID: 0}
    m_Modifications: []
    m_RemovedComponents: []
  m_SourcePrefab: {fileID: 0}
  m_RootGameObject: {fileID: 1150362920710260}
  m_IsPrefabAsset: 1
--- !u!1 &1150362920710260
GameObject:
  m_ObjectHideFlags: 0
  m_CorrespondingSourceObject: {fileID: 0}
  m_PrefabInternal: {fileID: 100100000}
  serializedVersion: 6
  m_Component:
  - component: {fileID: 4854899963357184}
  - component: {fileID: 114783946223000372}
  - component: {fileID: 114897376481672614}
  m_Layer: 0
  m_Name: CameraHolder
  m_TagString: Untagged
  m_Icon: {fileID: 0}
  m_NavMeshLayer: 0
  m_StaticEditorFlags: 0
  m_IsActive: 1
--- !u!1 &1943299885998686
GameObject:
  m_ObjectHideFlags: 0
  m_CorrespondingSourceObject: {fileID: 0}
  m_PrefabInternal: {fileID: 100100000}
  serializedVersion: 6
  m_Component:
  - component: {fileID: 4474429973591458}
  - component: {fileID: 20103473478176914}
  - component: {fileID: 81927723591672686}
  - component: {fileID: 114009214392054646}
  m_Layer: 0
  m_Name: Main Camera
  m_TagString: MainCamera
  m_Icon: {fileID: 0}
  m_NavMeshLayer: 0
  m_StaticEditorFlags: 0
  m_IsActive: 1
--- !u!4 &4474429973591458
Transform:
  m_ObjectHideFlags: 1
  m_CorrespondingSourceObject: {fileID: 0}
  m_PrefabInternal: {fileID: 100100000}
  m_GameObject: {fileID: 1943299885998686}
  m_LocalRotation: {x: -0, y: -0, z: -0, w: 1}
  m_LocalPosition: {x: 0, y: 0, z: 0}
  m_LocalScale: {x: 1, y: 1, z: 1}
  m_Children: []
  m_Father: {fileID: 4854899963357184}
  m_RootOrder: 0
  m_LocalEulerAnglesHint: {x: 0, y: 0, z: 0}
--- !u!4 &4854899963357184
Transform:
  m_ObjectHideFlags: 1
  m_CorrespondingSourceObject: {fileID: 0}
  m_PrefabInternal: {fileID: 100100000}
  m_GameObject: {fileID: 1150362920710260}
  m_LocalRotation: {x: 0, y: 0, z: 0, w: 1}
  m_LocalPosition: {x: 0, y: 0, z: -12}
  m_LocalScale: {x: 1, y: 1, z: 1}
  m_Children:
  - {fileID: 4474429973591458}
  m_Father: {fileID: 0}
  m_RootOrder: 0
  m_LocalEulerAnglesHint: {x: 0, y: 0, z: 0}
--- !u!20 &20103473478176914
Camera:
  m_ObjectHideFlags: 1
  m_CorrespondingSourceObject: {fileID: 0}
  m_PrefabInternal: {fileID: 100100000}
  m_GameObject: {fileID: 1943299885998686}
  m_Enabled: 1
  serializedVersion: 2
  m_ClearFlags: 1
  m_BackGroundColor: {r: 0.22071913, g: 0.29897255, b: 0.3018868, a: 0}
  m_projectionMatrixMode: 1
  m_SensorSize: {x: 36, y: 24}
  m_LensShift: {x: 0, y: 0}
  m_FocalLength: 50
  m_NormalizedViewPortRect:
    serializedVersion: 2
    x: 0
    y: 0
    width: 1
    height: 1
  near clip plane: 0.3
  far clip plane: 1000
  field of view: 60
  orthographic: 1
  orthographic size: 5.4
  m_Depth: -1
  m_CullingMask:
    serializedVersion: 2
    m_Bits: 4294967295
  m_RenderingPath: -1
  m_TargetTexture: {fileID: 0}
  m_TargetDisplay: 0
  m_TargetEye: 3
  m_HDR: 1
  m_AllowMSAA: 1
  m_AllowDynamicResolution: 0
  m_ForceIntoRT: 0
  m_OcclusionCulling: 1
  m_StereoConvergence: 10
  m_StereoSeparation: 0.022
--- !u!81 &81927723591672686
AudioListener:
  m_ObjectHideFlags: 1
  m_CorrespondingSourceObject: {fileID: 0}
  m_PrefabInternal: {fileID: 100100000}
  m_GameObject: {fileID: 1943299885998686}
  m_Enabled: 1
--- !u!114 &114009214392054646
MonoBehaviour:
  m_ObjectHideFlags: 1
  m_CorrespondingSourceObject: {fileID: 0}
  m_PrefabInternal: {fileID: 100100000}
  m_GameObject: {fileID: 1943299885998686}
  m_Enabled: 1
  m_EditorHideFlags: 0
  m_Script: {fileID: 11500000, guid: 2ab8353b5ebd32545867da143199a814, type: 3}
  m_Name: 
  m_EditorClassIdentifier: 
  DefaultPosInfluence: {x: 0.15, y: 0.15, z: 0.15}
  DefaultRotInfluence: {x: 1, y: 1, z: 1}
--- !u!114 &114783946223000372
MonoBehaviour:
  m_ObjectHideFlags: 1
  m_CorrespondingSourceObject: {fileID: 0}
  m_PrefabInternal: {fileID: 100100000}
  m_GameObject: {fileID: 1150362920710260}
  m_Enabled: 1
  m_EditorHideFlags: 0
  m_Script: {fileID: 11500000, guid: a7034cd0dfd650b4ea4313eaf4ca0fdd, type: 3}
  m_Name: 
  m_EditorClassIdentifier: 
  PauseOverlay: {fileID: 223042778579924334, guid: 0804e33aefbdd7848823f3ddbcb986f4,
    type: 2}
--- !u!114 &114897376481672614
MonoBehaviour:
  m_ObjectHideFlags: 1
  m_CorrespondingSourceObject: {fileID: 0}
  m_PrefabInternal: {fileID: 100100000}
  m_GameObject: {fileID: 1150362920710260}
  m_Enabled: 1
  m_EditorHideFlags: 0
  m_Script: {fileID: 11500000, guid: 7585b622379eaec4896c09f577f757c4, type: 3}
  m_Name: 
  m_EditorClassIdentifier: 
  Char1Sprites:
  - {fileID: 21300000, guid: 05dfc18a39941f04682be01a416342d4, type: 3}
  - {fileID: 21300000, guid: b45101ef7dcea7844a57d8a50fa91457, type: 3}
  - {fileID: 21300000, guid: 6e843b0de32598c40b2b8807324b3079, type: 3}
  - {fileID: 21300000, guid: 463e3f1a585121c479ab259b89b11ac5, type: 3}
  - {fileID: 21300000, guid: 987e3146b60261f41873216dd9bfb4f7, type: 3}
  Char2Sprites:
  - {fileID: 21300000, guid: 05dfc18a39941f04682be01a416342d4, type: 3}
  - {fileID: 21300000, guid: deb51d8ba0de5cc4cb620c801cd2b939, type: 3}
  - {fileID: 21300000, guid: 3b6ad06114ef8214ca5d6d11abd122ef, type: 3}
  - {fileID: 21300000, guid: 4273dd862e9a8ce4dbb58e1786a32e79, type: 3}
  - {fileID: 21300000, guid: e7f85569dc20df244997540d51ee448b, type: 3}
  Char3Sprites:
  - {fileID: 21300000, guid: 05dfc18a39941f04682be01a416342d4, type: 3}
  - {fileID: 21300000, guid: 2d0c22f00e049624eae3a4ffbb2debef, type: 3}
  - {fileID: 21300000, guid: 14b9013a6ac72e84eadc85bdd1eba840, type: 3}
  - {fileID: 21300000, guid: f6afc1cb399a9af4da6a17a269b2b08e, type: 3}
  - {fileID: 21300000, guid: bd0c60989ab2c364ea4ff5bcc958d0e0, type: 3}
  Char4Sprites:
  - {fileID: 21300000, guid: 05dfc18a39941f04682be01a416342d4, type: 3}
  - {fileID: 21300000, guid: ababaedb90d1610489c6e5442041a617, type: 3}
  - {fileID: 21300000, guid: 1602fd7627d0e9943b075c656355235a, type: 3}
  - {fileID: 21300000, guid: 47f6f1b92b60e8d4bb4773900b2333fb, type: 3}
  - {fileID: 21300000, guid: af89daf47b0480e46a231f5813d4a0ff, type: 3}
  player1Lives: {fileID: 114954148588519984, guid: a38c42c99d538e747a38131d897d5e1a,
    type: 2}
  player2Lives: {fileID: 114286029323342762, guid: a38c42c99d538e747a38131d897d5e1a,
    type: 2}
  strengthDisplay: {fileID: 114674359047640990, guid: a38c42c99d538e747a38131d897d5e1a,
    type: 2}
