%YAML 1.1
%TAG !u! tag:unity3d.com,2011:
--- !u!1001 &100100000
Prefab:
  m_ObjectHideFlags: 1
  serializedVersion: 2
  m_Modification:
    m_TransformParent: {fileID: 0}
    m_Modifications: []
    m_RemovedComponents: []
  m_SourcePrefab: {fileID: 0}
  m_RootGameObject: {fileID: 1649944228426196}
  m_IsPrefabAsset: 1
--- !u!1 &1649944228426196
GameObject:
  m_ObjectHideFlags: 0
  m_CorrespondingSourceObject: {fileID: 0}
  m_PrefabInternal: {fileID: 100100000}
  serializedVersion: 6
  m_Component:
  - component: {fileID: 4250748753896454}
  - component: {fileID: 114358624984821612}
  - component: {fileID: 50619227248181284}
  - component: {fileID: 247319884162596378}
  m_Layer: 0
  m_Name: Player 2 Spawn
  m_TagString: Untagged
  m_Icon: {fileID: 0}
  m_NavMeshLayer: 0
  m_StaticEditorFlags: 0
  m_IsActive: 1
--- !u!4 &4250748753896454
Transform:
  m_ObjectHideFlags: 1
  m_CorrespondingSourceObject: {fileID: 0}
  m_PrefabInternal: {fileID: 100100000}
  m_GameObject: {fileID: 1649944228426196}
  m_LocalRotation: {x: 0, y: 0, z: 0, w: 1}
  m_LocalPosition: {x: 5, y: 4, z: 0}
  m_LocalScale: {x: 1, y: 1, z: 1}
  m_Children: []
  m_Father: {fileID: 0}
  m_RootOrder: 0
  m_LocalEulerAnglesHint: {x: 0, y: 0, z: 0}
--- !u!50 &50619227248181284
Rigidbody2D:
  serializedVersion: 4
  m_ObjectHideFlags: 1
  m_CorrespondingSourceObject: {fileID: 0}
  m_PrefabInternal: {fileID: 100100000}
  m_GameObject: {fileID: 1649944228426196}
  m_BodyType: 0
  m_Simulated: 1
  m_UseFullKinematicContacts: 0
  m_UseAutoMass: 0
  m_Mass: 5
  m_LinearDrag: 3
  m_AngularDrag: 5
  m_GravityScale: 0
  m_Material: {fileID: 0}
  m_Interpolate: 0
  m_SleepingMode: 0
  m_CollisionDetection: 1
  m_Constraints: 6
--- !u!114 &114358624984821612
MonoBehaviour:
  m_ObjectHideFlags: 1
  m_CorrespondingSourceObject: {fileID: 0}
  m_PrefabInternal: {fileID: 100100000}
  m_GameObject: {fileID: 1649944228426196}
  m_Enabled: 1
  m_EditorHideFlags: 0
  m_Script: {fileID: 11500000, guid: a2ac357bc0da6e94b844664afa5354ec, type: 3}
  m_Name: 
  m_EditorClassIdentifier: 
  player2Spawn: {fileID: 0}
  players:
  - {fileID: 1714821686174980, guid: 3e7c18dd3fd4e1748ab5653635b86feb, type: 2}
  - {fileID: 1714821686174980, guid: 1a6c67ce567ecd5429681c7612b03880, type: 2}
  - {fileID: 1714821686174980, guid: 988530b1dacc6f542b2bb88c1822a388, type: 2}
  - {fileID: 1714821686174980, guid: a12a3c4cc725cda4b995f25cfe721b2c, type: 2}
--- !u!247 &247319884162596378
ConstantForce2D:
  m_ObjectHideFlags: 1
  m_CorrespondingSourceObject: {fileID: 0}
  m_PrefabInternal: {fileID: 100100000}
  m_GameObject: {fileID: 1649944228426196}
  m_Enabled: 1
  m_Force: {x: 0, y: 0}
  m_RelativeForce: {x: 0, y: 0}
  m_Torque: 0
